@incollection{green2005gpu,
  title={GPU-accelerated iterated function systems},
  author={Green, Simon G},
  booktitle={ACM SIGGRAPH 2005 Sketches},
  pages={15--es},
  year={2005}
}
@article{jampour2010new,
  title={A new fast technique for fingerprint identification with fractal and chaos game theory},
  author={Jampour, Mahdi and Yaghoobi, Mahdi and Ashourzadeh, Maryam and Soleimani, Adel},
  journal={Fractals},
  volume={18},
  number={03},
  pages={293--300},
  year={2010},
  publisher={World Scientific}
}
@book{barnsley2014fractals,
  title={Fractals everywhere},
  author={Barnsley, Michael F},
  year={2014},
  publisher={Academic press}
}
@article{jeffrey1990chaos,
  title={Chaos game representation of gene structure},
  author={Jeffrey, H Joel},
  journal={Nucleic acids research},
  volume={18},
  number={8},
  pages={2163--2170},
  year={1990},
  publisher={Oxford University Press}
}
@article{barnsley2010chaos,
  title={The chaos game on a general iterated function system},
  author={Barnsley, Michael and Vince, Andrew},
  journal={arXiv preprint arXiv:1005.0322},
  year={2010}
}
@inproceedings{lauterbach2009construction,
  title={fast BVH construction on GPUs},
  author={Lauterbach, C and Garland, M and Sengupta, S and Luebke, D and Manocha, D},
  booktitle={Proceedings of the Eurographics Symposium on Rendering, Eurographics and ACM/SIGGRAPH},
  year={2009}
}
@article{hart1996fractal,
  title={Fractal image compression and recurrent iterated function systems},
  author={Hart, John C},
  journal={IEEE Computer Graphics and Applications},
  volume={16},
  number={4},
  pages={25--33},
  year={1996},
  publisher={IEEE}
}
@article{mendivil2003fractals,
  title={Fractals, graphs, and fields},
  author={Mendivil, Franklin},
  journal={The American mathematical monthly},
  volume={110},
  number={6},
  pages={503--515},
  year={2003},
  publisher={Taylor \& Francis}
}
@article{lawlor2012gpu,
  title={GPU-accelerated rendering of unbounded nonlinear iterated function system fixed points},
  author={Lawlor, Orion Sky},
  journal={ISRN Computer Graphics},
  volume={2012},
  year={2012},
  publisher={Hindawi}
}
@inproceedings{wimmer2006instant,
  title={Instant Points: Fast Rendering of Unprocessed Point Clouds.},
  author={Wimmer, Michael and Scheiblauer, Claus},
  booktitle={SPBG},
  pages={129--136},
  year={2006},
  organization={Citeseer}
}
@incollection{hepting1991rendering,
  title={Rendering methods for iterated function systems},
  author={Hepting, Daryl and Prusinkiewicz, Przemyslaw and Saupe, Dietmar},
  year={1991},
  publisher={North-Holland}
}
@article{draves2003fractal,
  title={The fractal flame algorithm},
  author={Draves, Scott and Reckase, Erik},
  journal={Forthcoming, available from http: I Itlam3. com/flame. pdf},
  year={2003},
  publisher={Citeseer}
}
